@article{DBLP:journals/ai/BlumL97,
  author    = {Avrim Blum and
               Pat Langley},
  title     = {Selection of Relevant Features and Examples in Machine Learning},
  journal   = {Artif. Intell.},
  volume    = {97},
  number    = {1-2},
  year      = {1997},
  pages     = {245-271},
  ee        = {http://dx.doi.org/10.1016/S0004-3702(97)00063-5},
  bibsource = {DBLP, http://dblp.uni-trier.de}
}

@inproceedings{DBLP:conf/ijcai/FayyadI93,
  author    = {Usama M. Fayyad and
               Keki B. Irani},
  title     = {Multi-Interval Discretization of Continuous-Valued Attributes
               for Classification Learning},
  booktitle = {IJCAI},
  year      = {1993},
  pages     = {1022-1029},
  crossref  = {DBLP:conf/ijcai/1993},
  bibsource = {DBLP, http://dblp.uni-trier.de}
}
@proceedings{DBLP:conf/ijcai/1993,
  editor    = {Ruzena Bajcsy},
  title     = {Proceedings of the 13th International Joint Conference on
               Artificial Intelligence. Chamb{\'e}ry, France, August
               28 - September 3, 1993},
  booktitle = {IJCAI},
  publisher = {Morgan Kaufmann},
  year      = {1993},
  isbn      = {1-55860-300-X},
  bibsource = {DBLP, http://dblp.uni-trier.de}
}

@article{Liu:2002:IIS:593433.593525,
 author = {Liu, Huan and Motoda, Hiroshi},
 title = {On Issues of Instance Selection},
 journal = {Data Min. Knowl. Discov.},
 issue_date = {April 2002},
 volume = {6},
 number = {2},
 month = apr,
 year = {2002},
 issn = {1384-5810},
 pages = {115--130},
 numpages = {16},
 url = {http://dx.doi.org/10.1023/A:1014056429969},
 doi = {10.1023/A:1014056429969},
 acmid = {593525},
 publisher = {Kluwer Academic Publishers},
 address = {Hingham, MA, USA},
}

@article{Liu:2002:DET:593435.593535,
 author = {Liu, Huan and Hussain, Farhad and Tan, Chew Lim and Dash, Manoranjan},
 title = {Discretization: An Enabling Technique},
 journal = {Data Min. Knowl. Discov.},
 issue_date = {October 2002},
 volume = {6},
 number = {4},
 month = oct,
 year = {2002},
 issn = {1384-5810},
 pages = {393--423},
 numpages = {31},
 url = {http://dx.doi.org/10.1023/A:1016304305535},
 doi = {10.1023/A:1016304305535},
 acmid = {593535},
 publisher = {Kluwer Academic Publishers},
 address = {Hingham, MA, USA},
 keywords = {classification, continuous feature, data mining, discretization},
}

@book{Liu:1998:FEC:551943,
 author = {Liu, Huan and Motoda, Hiroshi},
 title = {Feature Extraction, Construction and Selection: A Data Mining Perspective},
 year = {1998},
 isbn = {0792381963},
 publisher = {Kluwer Academic Publishers},
 address = {Norwell, MA, USA},
}

@article{Zukhba:2010:NPP:1921730.1921735,
 author = {Zukhba, A. V.},
 title = {NP-completeness of the Problem of Prototype Selection in the Nearest Neighbor Method},
 journal = {Pattern Recognit. Image Anal.},
 issue_date = {December  2010},
 volume = {20},
 number = {4},
 month = dec,
 year = {2010},
 issn = {1054-6618},
 pages = {484--494},
 numpages = {11},
 url = {http://dx.doi.org/10.1134/S1054661810040097},
 doi = {10.1134/S1054661810040097},
 acmid = {1921735},
 publisher = {Springer-Verlag New York, Inc.},
 address = {Secaucus, NJ, USA},
 keywords = {NP-completeness, complete cross validation, exact generalization bound, k nearest neighbors, leave-one-out, minimum vertex cover problem, prototype learning},
}

@article{Cover:2006:NNP:2263261.2267456,
 author = {Cover, T. and Hart, P.},
 title = {Nearest Neighbor Pattern Classification},
 journal = {IEEE Trans. Inf. Theor.},
 issue_date = {January 1967},
 volume = {13},
 number = {1},
 month = jan,
 year = {1967},
 issn = {0018-9448},
 pages = {21--27},
 numpages = {7},
 url = {http://dx.doi.org/10.1109/TIT.1967.1053964},
 doi = {10.1109/TIT.1967.1053964},
 acmid = {2267456},
 publisher = {IEEE Press},
 address = {Piscataway, NJ, USA},
}

@article{DBLP:journals/corr/GottliebK14,
  author    = {Lee-Ad Gottlieb and
               Aryeh Kontorovich},
  title     = {Near-optimal sample compression for nearest neighbors},
  journal   = {CoRR},
  volume    = {abs/1404.3368},
  year      = {2014},
  ee        = {http://arxiv.org/abs/1404.3368},
  bibsource = {DBLP, http://dblp.uni-trier.de}
}

@ARTICLE{2012arXiv1202.5933B,
   author = {{Bien}, J. and {Tibshirani}, R.},
    title = "{Prototype selection for interpretable classification}",
  journal = {ArXiv e-prints},
archivePrefix = "arXiv",
   eprint = {1202.5933},
 primaryClass = "stat.AP",
 keywords = {Statistics - Applications},
     year = 2012,
    month = feb,
   adsurl = {http://adsabs.harvard.edu/abs/2012arXiv1202.5933B},
  adsnote = {Provided by the SAO/NASA Astrophysics Data System}
}

@inproceedings{Wilfong:1991:NNP:109648.109673,
 author = {Wilfong, Gordon},
 title = {Nearest Neighbor Problems},
 booktitle = {Proceedings of the Seventh Annual Symposium on Computational Geometry},
 series = {SCG '91},
 year = {1991},
 isbn = {0-89791-426-0},
 location = {North Conway, New Hampshire, USA},
 pages = {224--233},
 numpages = {10},
 url = {http://doi.acm.org/10.1145/109648.109673},
 doi = {10.1145/109648.109673},
 acmid = {109673},
 publisher = {ACM},
 address = {New York, NY, USA},
}

@inproceedings{DBLP:conf/jcdcg/Toussaint02,
  author    = {Godfried T. Toussaint},
  title     = {Open Problems in Geometric Methods for Instance-Based Learning},
  booktitle = {JCDCG},
  year      = {2002},
  pages     = {273-283},
  ee        = {http://dx.doi.org/10.1007/978-3-540-44400-8_29},
  crossref  = {DBLP:conf/jcdcg/2002},
  bibsource = {DBLP, http://dblp.uni-trier.de}
}
@proceedings{DBLP:conf/jcdcg/2002,
  editor    = {Jin Akiyama and
               Mikio Kano},
  title     = {Discrete and Computational Geometry, Japanese Conference,
               JCDCG 2002, Tokyo, Japan, December 6-9, 2002, Revised Papers},
  booktitle = {JCDCG},
  publisher = {Springer},
  series    = {Lecture Notes in Computer Science},
  volume    = {2866},
  year      = {2003},
  isbn      = {3-540-20776-7},
  bibsource = {DBLP, http://dblp.uni-trier.de}
}

@article{Hart:2006:CNN:2263267.2267647,
 author = {Hart, P.},
 title = {The Condensed Nearest Neighbor Rule (Corresp.)},
 journal = {IEEE Trans. Inf. Theor.},
 issue_date = {May 1968},
 volume = {14},
 number = {3},
 month = sep,
 year = {1968},
 issn = {0018-9448},
 pages = {515--516},
 numpages = {2},
 url = {http://dx.doi.org/10.1109/TIT.1968.1054155},
 doi = {10.1109/TIT.1968.1054155},
 acmid = {2267647},
 publisher = {IEEE Press},
 address = {Piscataway, NJ, USA},
}

@article{DBLP:journals/tit/Gates72,
  author    = {Geoffrey W. Gates},
  title     = {The reduced nearest neighbor rule (Corresp.)},
  journal   = {IEEE Transactions on Information Theory},
  volume    = {18},
  number    = {3},
  year      = {1972},
  pages     = {431-433},
  ee        = {http://dx.doi.org/10.1109/TIT.1972.1054809},
  bibsource = {DBLP, http://dblp.uni-trier.de}
}

@article{fix_51_discriminatory,
    address = {Randolph Field, TX},
    author = {Fix, E. and Hodges, J. L.},
    citeulike-article-id = {80546},
    day = {01},
    issn = {00419907},
    journal = {US Air Force School of Aviation Medicine},
    keywords = {classic, classification},
    month = jan,
    number = {3},
    pages = {477+},
    posted-at = {2006-05-23 17:43:03},
    priority = {1},
    title = {{Discriminatory analysis, nonparametric discrimination: Consistency properties}},
    url = {\#},
    volume = {Technical Report 4},
    year = {1951}
}

@article{Bentley:1975:MBS:361002.361007,
 author = {Bentley, Jon Louis},
 title = {Multidimensional Binary Search Trees Used for Associative Searching},
 journal = {Commun. ACM},
 issue_date = {Sept. 1975},
 volume = {18},
 number = {9},
 month = sep,
 year = {1975},
 issn = {0001-0782},
 pages = {509--517},
 numpages = {9},
 url = {http://doi.acm.org/10.1145/361002.361007},
 doi = {10.1145/361002.361007},
 acmid = {361007},
 publisher = {ACM},
 address = {New York, NY, USA},
 keywords = {associative retrieval, attribute, binary search trees, binary tree insertion, information retrieval system, intersection queries, key, nearest neighbor queries, partial match queries},
} 

@inproceedings{Kolahdouzan:2004:VKN:1316689.1316762,
 author = {Kolahdouzan, Mohammad and Shahabi, Cyrus},
 title = {Voronoi-based K Nearest Neighbor Search for Spatial Network Databases},
 booktitle = {Proceedings of the Thirtieth International Conference on Very Large Data Bases - Volume 30},
 series = {VLDB '04},
 year = {2004},
 isbn = {0-12-088469-0},
 location = {Toronto, Canada},
 pages = {840--851},
 numpages = {12},
 url = {http://dl.acm.org/citation.cfm?id=1316689.1316762},
 acmid = {1316762},
 publisher = {VLDB Endowment},
} 

@article{voronoi1908nouvelles,
  title={Nouvelles applications des param{\`e}tres continus {\`a} la th{\'e}orie des formes quadratiques. Deuxi{\`e}me m{\'e}moire. Recherches sur les parall{\'e}llo{\`e}dres primitifs.},
  author={Vorono{\"\i}, Georges},
  journal={Journal f{\"u}r die reine und angewandte Mathematik},
  volume={134},
  pages={198--287},
  year={1908}
}

@inproceedings{DBLP:conf/soda/KrauthgamerL04,
  author    = {Robert Krauthgamer and
               James R. Lee},
  title     = {Navigating nets: simple algorithms for proximity search},
  booktitle = {SODA},
  year      = {2004},
  pages     = {798-807},
  ee        = {http://dl.acm.org/citation.cfm?id=982792.982913},
  crossref  = {DBLP:conf/soda/2004},
  bibsource = {DBLP, http://dblp.uni-trier.de}
}
@proceedings{DBLP:conf/soda/2004,
  editor    = {J. Ian Munro},
  title     = {Proceedings of the Fifteenth Annual ACM-SIAM Symposium on
               Discrete Algorithms, SODA 2004, New Orleans, Louisiana,
               USA, January 11-14, 2004},
  booktitle = {SODA},
  publisher = {SIAM},
  year      = {2004},
  isbn      = {0-89871-558-X},
  ee        = {http://dl.acm.org/citation.cfm?id=982792},
  bibsource = {DBLP, http://dblp.uni-trier.de}
}

@book{shalev2014understanding,
  title={Understanding Machine Learning: From Theory to Algorithms},
  author={Shalev-Shwartz, S. and Ben-David, S.},
  isbn={9781107057135},
  url={http://books.google.co.ve/books?id=5xiBngEACAAJ},
  year={2014},
  publisher={Cambridge University Press}
}

@article{devroye1994strong,
  title={On the strong universal consistency of nearest neighbor regression function estimates},
  author={Devroye, Luc and Gyorfi, Laszlo and Krzyzak, Adam and Lugosi, G{\'a}bor},
  journal={The Annals of Statistics},
  pages={1371--1385},
  year={1994},
  publisher={JSTOR}
}

@article{DBLP:journals/corr/GottliebKK13,
  author    = {Lee-Ad Gottlieb and
               Aryeh Kontorovich and
               Robert Krauthgamer},
  title     = {Efficient Classification for Metric Data},
  journal   = {CoRR},
  volume    = {abs/1306.2547},
  year      = {2013},
  ee        = {http://arxiv.org/abs/1306.2547},
  bibsource = {DBLP, http://dblp.uni-trier.de}
}

@article{Garcia:2012:PSN:2122272.2122582,
 author = {Garcia, Salvador and Derrac, Joaquin and Cano, Jose and Herrera, Francisco},
 title = {Prototype Selection for Nearest Neighbor Classification: Taxonomy and Empirical Study},
 journal = {IEEE Trans. Pattern Anal. Mach. Intell.},
 issue_date = {March 2012},
 volume = {34},
 number = {3},
 month = mar,
 year = {2012},
 issn = {0162-8828},
 pages = {417--435},
 numpages = {19},
 url = {http://dx.doi.org/10.1109/TPAMI.2011.142},
 doi = {10.1109/TPAMI.2011.142},
 acmid = {2122582},
 publisher = {IEEE Computer Society},
 address = {Washington, DC, USA},
 keywords = {Prototype selection, nearest neighbor, taxonomy, condensation, edition, classification.},
} 

@article{wilson1972asymptotic,
  title={Asymptotic properties of nearest neighbor rules using edited data},
  author={Wilson, DR},
  journal={Institute of Electrical and Electronic Engineers Transactions on Systems, Man and Cybernetics},
  volume={2},
  pages={408--421},
  year={1972}
}

@inproceedings{Wilson:1997:IPT:645526.657143,
 author = {Wilson, D. Randall and Martinez, Tony R.},
 title = {Instance Pruning Techniques},
 booktitle = {Proceedings of the Fourteenth International Conference on Machine Learning},
 series = {ICML '97},
 year = {1997},
 isbn = {1-55860-486-3},
 pages = {403--411},
 numpages = {9},
 url = {http://dl.acm.org/citation.cfm?id=645526.657143},
 acmid = {657143},
 publisher = {Morgan Kaufmann Publishers Inc.},
 address = {San Francisco, CA, USA},
} 
